@article{VanGelder2014a,
	author = "Van Gelder, Liesje and Janssen, Hans and Roels, Staf",
	journal = "Energy and Buildings",
	pages = "202-211",
	publisher = "Elsevier B.V.",
	title = "Probabilistic design and analysis of building performances: Methodology and application example",
	volume = "79",
	year = "2014"
}

@booklet{EN15026,
    author    = "{European Committee for Standardization}",
    title     = "EN 15026: Hygrothermal performance of building components and building elements. Assessment of moisture transfer by numerical simulation",

    year      = "2007",
}

@booklet{EN13788,
    author    = "{European Committee for Standardization}",
    title     = "EN 13788: Hygrothermal performance of building components and building elements - Internal surface temperature to avoid critical surface humidity and interstitial condensation - Calculation methods",
    year      = "2012",
}

@phdthesis{Blocken2004,
	author = {Blocken, Bert},
	school = {KU Leuven},
	title = {{Wind-driven rain on buildings measurements, numerical modelling and applications}},
	year = {2004}
}

@inproceedings{Viitanen2011,
	author = {Viitanen, Hannu and Ojanen, Tuomo and Peuhkuri, R.},
	booktitle = {Proceedings of the 12DBMC - International Conference on Durability of Building Materials and Components},
	pages = {1--8},
	title = {{Mould growth modelling to evaluate durability of materials}},
	year = {2011}
}

@article{Viitanen2010,
	author = {Viitanen, Hannu and Toratti, T. and Makkonen, L. and Peuhkuri, R. and Ojanen, Tuomo and Ruokolainen, L. and R{\"{a}}is{\"{a}}nen, J.},
	journal = {European Journal of Wood and Wood Products},
	number = {3},
	pages = {303--313},
	title = {{Towards modelling of decay risk of wooden materials}},
	volume = {68},
	year = {2010}
}
